
@article{Yeole2021,
  title = {Movie Recommendation System using Content-based Filtering},
  author = {Yeole Madhavi B. Rokade Monika D, Khatal Sunil S},
  journal = {IJARIIE},
  volume = {7},
  number = {4},
  year = {2021},
    doi = {16.0415/IJARIIE-14954}
}


@article{chenna2020,
  title = {Machine learning model for movie recommendation system},
  author = {M. Chenna Keshava and P. Narendra Reddy and S. Srinivasulu and B. Dinesh Naik},
  journal = {International Journal of Engineering Research},
  volume = {V9},
  number = {04},
  year = {2020},
  doi = {10.17577/ijertv9is040741}
}

@article{roy2022,
  title = {A systematic review \& research perspective on recommender systems},
  author = {Roy, D. \& Dutta, M.},
  journal = {Journal of Big Data},
  year = {2022},
  volume = {9},
  number = {1},
  doi = {10.1186/s40537-022-00592-5}
}

@article{singhal2021,
  title = {Research Paper On Recommendation System},
  author = {Singhal, A., Rastogi, S., Dr Panchal, N.  Chauhan, S.  Varshney, S.},
  journal = {Global Scientific Journals},
  year = {2021},
  volume = {9},
  number = {8}
}



@article{vilakone2018,
  title = {An Efficient movie recommendation algorithm based on improved k-clique},
  author = {Vilakone, P., Park, D.-S., Xinchang, K., \& Hao, F.},
  journal = {Human-Centric Computing and Information Sciences},
  volume = {8},
  number = {1},
  year = {2018},
  doi = {10.1186/s13673-018-0161-6}
}


@INPROCEEDINGS{5232419,
  author={Gong, SongJie and Ye, HongWu and Tan, HengSong},
  booktitle={2009 Pacific-Asia Conference on Circuits, Communications and Systems}, 
  title={Combining Memory-Based and Model-Based Collaborative Filtering in Recommender System}, 
  year={2009},
  volume={},
  number={},
  pages={690-693},
  keywords={Collaboration;Recommender systems;Filtering algorithms;Scalability;Electronic mail;Textile technology;Nearest neighbor searches;Electronic commerce;Databases;Circuits;recommender system;memory-based collaborative filtering;model-based collaborative filtering},
  doi={10.1109/PACCS.2009.66}}

@misc{kaggle,
  author = {{Kaggle}},
  year = {n.d.},
  howpublished = {Retrieved April 13, 2024, from \url{https://www.kaggle.com/}}
}

