
@article{Yeole2021,
  author = {Yeole Madhavi B. Rokade Monika D, Khatal Sunil S},
  year = {2021},
  title = {Movie Recommendation System using Content-based Filtering},
  journal = {IJARIIE},
  volume = {7},
  number = {4},
    doi = {16.0415/IJARIIE-14954}
}

@article{chenna2020,
  author = {M. Chenna Keshava and P. Narendra Reddy and S. Srinivasulu and B. Dinesh Naik},
  year = {2020},
  title = {Machine learning model for movie recommendation system},
  journal = {International Journal of Engineering Research And},
  volume = {V9},
  number = {04},
  doi = {10.17577/ijertv9is040741}
}

@article{roy2022,
  author = {Roy, D. and Dutta, M.},
  year = {2022},
  title = {A systematic review and research perspective on recommender systems},
  journal = {Journal of Big Data},
  volume = {9},
  number = {1},
  doi = {10.1186/s40537-022-00592-5}
}

@article{singhal2021,
  author = {Singhal, A. and Rastogi, S., Dr and Panchal, N. and Chauhan, S. and Varshney, S.},
  year = {2021},
  title = {Research Paper On Recommendation System},
  journal = {Global Scientific Journals},
  volume = {9},
  number = {8}
}

@article{vilakone2018,
  author = {Vilakone, P. and Park, D.-S. and Xinchang, K. and Hao, F.},
  year = {2018},
  title = {An Efficient movie recommendation algorithm based on improved k-clique},
  journal = {Human-Centric Computing and Information Sciences},
  volume = {8},
  number = {1},
  doi = {10.1186/s13673-018-0161-6}
}


@misc{kaggle,
  author = {{Kaggle}},
  year = {n.d.},
  howpublished = {Retrieved April 13, 2024, from \url{https://www.kaggle.com/}}
}
